@article{brin2012reprint,
  title={Reprint of: The anatomy of a large-scale hypertextual web search engine},
  author={Brin, Sergey and Page, Lawrence},
  journal={Computer networks},
  volume={56},
  number={18},
  pages={3825--3833},
  year={2012},
  publisher={Elsevier}
}

@inproceedings{ghose2008empirical,
  title={An empirical analysis of sponsored search performance in search engine advertising},
  author={Ghose, Anindya and Yang, Sha},
  booktitle={Proceedings of the 2008 International Conference on Web Search and Data Mining},
  pages={241--250},
  year={2008},
  organization={ACM}
}

@article{chaudhuri2011overview,
  title={An overview of business intelligence technology},
  author={Chaudhuri, Surajit and Dayal, Umeshwar and Narasayya, Vivek},
  journal={Communications of the ACM},
  volume={54},
  number={8},
  pages={88--98},
  year={2011},
  publisher={ACM}
}

@article{wilson2002so,
  title={So you want to get involved in e-commerce},
  author={Wilson, Susan G and Abel, Ivan},
  journal={Industrial marketing management},
  volume={31},
  number={2},
  pages={85--94},
  year={2002},
  publisher={Elsevier}
}

@article{gandal2001dynamics,
  title={The dynamics of competition in the Internet search engine market},
  author={Gandal, Neil},
  journal={International Journal of Industrial Organization},
  volume={19},
  number={7},
  pages={1103--1117},
  year={2001},
  publisher={Elsevier}
}

@article{goldfarb2011search,
  title={Search engine advertising: Channel substitution when pricing ads to context},
  author={Goldfarb, Avi and Tucker, Catherine},
  journal={Management Science},
  volume={57},
  number={3},
  pages={458--470},
  year={2011},
  publisher={INFORMS}
}

@article{van2007relevance,
  title={Is relevance relevant? Market, science, and war: Discourses of search engine quality},
  author={Van Couvering, Elizabeth},
  journal={Journal of Computer-Mediated Communication},
  volume={12},
  number={3},
  pages={866--887},
  year={2007},
  publisher={Wiley Online Library}
}

@book{hansen2009economics,
  title={The Economics of Search Engines: Search, Ad Auctions \& Game Theory},
  author={Hansen, Jacob},
  year={2009}
}

@article{introna2000shaping,
  title={Shaping the Web: Why the politics of search engines matters},
  author={Introna, Lucas D and Nissenbaum, Helen},
  journal={The information society},
  volume={16},
  number={3},
  pages={169--185},
  year={2000},
  publisher={Taylor \& Francis}
}

@article{goldman2006search,
  title={Search engine bias and the demise of search engine utopianism},
  author={Goldman, Eric},
  journal={Yale Journal of Law \& Technology},
  pages={06--08},
  year={2006}
}

@article{vaughan2004search,
  title={Search engine coverage bias: evidence and possible causes},
  author={Vaughan, Liwen and Thelwall, Mike},
  journal={Information processing \& management},
  volume={40},
  number={4},
  pages={693--707},
  year={2004},
  publisher={Elsevier}
}