@article{lumetta2007,
author = "Lumetta, Steve and Mitzenmacher, Michael",
fjournal = "Internet Mathematics",
journal = "Internet Math.",
number = "1",
pages = "17--34",
publisher = "A K Peters, Ltd.",
title = "Using the Power of Two Choices to Improve Bloom Filters",
url = "http://projecteuclid.org/euclid.im/1243430566",
volume = "4",
year = "2007"
}

@article{Mitzenmacher:2001:PTC:504336.504343,
 author = {Mitzenmacher, Michael},
 title = {The Power of Two Choices in Randomized Load Balancing},
 journal = {IEEE Trans. Parallel Distrib. Syst.},
 issue_date = {October 2001},
 volume = {12},
 number = {10},
 month = oct,
 year = {2001},
 issn = {1045-9219},
 pages = {1094--1104},
 numpages = {11},
 url = {http://dx.doi.org/10.1109/71.963420},
 doi = {10.1109/71.963420},
 acmid = {504343},
 publisher = {IEEE Press},
 address = {Piscataway, NJ, USA},
 keywords = {Load balancing, queuing theory, distributed systems, limiting systems, choices.},
}


@article{Azar:1999:BA:330358.330366,
 author = {Azar, Yossi and Broder, Andrei Z. and Karlin, Anna R. and Upfal, Eli},
 title = {Balanced Allocations},
 journal = {SIAM J. Comput.},
 issue_date = {Feb. 2000},
 volume = {29},
 number = {1},
 month = sep,
 year = {1999},
 issn = {0097-5397},
 pages = {180--200},
 numpages = {21},
 url = {http://dx.doi.org/10.1137/S0097539795288490},
 doi = {10.1137/S0097539795288490},
 acmid = {330366},
 publisher = {Society for Industrial and Applied Mathematics},
 address = {Philadelphia, PA, USA},
 keywords = {hashing, load balancing, occupancy problems, on-line algorithms, resource allocation, urn models},
}

@article{Bloom:70,
  author={Burton Bloom},
  title={Space/Time Tradeoffs in Hash Coding with Allowable Errors},
  journal={Communications of the ACM},
  volume=13,
  number=7,
  pages={422--426},
  entrydate=20020708,
  key={Bloom:70},
  year=1970
}

@article{broder2003,
author = "Broder, Andrei and Mitzenmacher, Michael",
fjournal = "Internet Mathematics",
journal = "Internet Math.",
number = "4",
pages = "485--509",
publisher = "A K Peters, Ltd.",
title = "Network Applications of Bloom Filters: A Survey",
url = "http://projecteuclid.org/euclid.im/1109191032",
volume = "1",
year = "2003"
}

@inproceedings{bruck2006weighted,
  title={Weighted bloom filter},
  author={Bruck, Jehoshua and Gao, Jie and Jiang, Anxiao},
  booktitle={2006 IEEE International Symposium on Information Theory},
  year={2006},
  organization={IEEE}
}

@inproceedings{zhong2008optimizing,
  title={Optimizing data popularity conscious bloom filters},
  author={Zhong, Ming and Lu, Pin and Shen, Kai and Seiferas, Joel},
  booktitle={Proceedings of the twenty-seventh ACM symposium on Principles of distributed computing},
  pages={355--364},
  year={2008},
  organization={ACM}
}

@inproceedings{wang2015improved,
  title={Improved Weighted Bloom Filter and Space Lower Bound Analysis of Algorithms for Approximated Membership Querying},
  author={Wang, Xiujun and Ji, Yusheng and Dang, Zhe and Zheng, Xiao and Zhao, Baohua},
  booktitle={Database Systems for Advanced Applications},
  pages={346--362},
  year={2015},
  organization={Springer}
}

@incollection{jeffe2015bloom,
  title={Extensions and Variants of Hashing},
  author={Erickson, Jeff},
  booktitle={Algorithms},
  year={2015},
  organization={UIUC}
}

@incollection{jeffe2015splay,
  title={Scapegoat and Splay Trees},
  author={Erickson, Jeff},
  booktitle={Algorithms},
  year={2015},
  organization={UIUC}
}

@inproceedings{arora2001learning,
  title={Learning mixtures of arbitrary gaussians},
  author={Arora, Sanjeev and Kannan, Ravi},
  booktitle={Proceedings of the thirty-third annual ACM Symposium on Theory of Computing},
  pages={247--257},
  year={2001},
  organization={ACM}
}

@inproceedings{feldman2006pac,
  title={PAC Learning Mixtures of Axis-Aligned Gaussians with No Separation Assumption},
  author={Feldman, Jon and Servedio, Rocco A and O'Donnell, Ryan},
  booktitle={COLT},
  year={2006}
}

@inproceedings{kalai2010efficiently,
  title={Efficiently learning mixtures of two Gaussians},
  author={Kalai, Adam Tauman and Moitra, Ankur and Valiant, Gregory},
  booktitle={Proceedings of the forty-second ACM Symposium on Theory of Computing},
  pages={553--562},
  year={2010},
  organization={ACM}
}

@inproceedings{kalai2010efficiently,
  title={Efficiently Learning Mixtures of Two Gaussians},
  author={Kalai, Adam Tauman and Moitra, Ankur and Valiant, Gregory},
  booktitle={STOC'10},
  year={2010}
}

@inproceedings{daskalakis2012learning,
  title={Learning poisson binomial distributions},
  author={Daskalakis, Constantinos and Diakonikolas, Ilias and Servedio, Rocco A},
  booktitle={Proceedings of the forty-fourth annual ACM Symposium on Theory of Computing},
  pages={709--728},
  year={2012},
  organization={ACM}
}

@inproceedings{daskalakis2012learning2,
  title={Learning $k$-modal distributions via testing},
  author={Daskalakis, Constantinos and Diakonikolas, Ilias and Servedio, Rocco A},
  booktitle={Proceedings of the twenty-third annual ACM-SIAM symposium on Discrete Algorithms},
  pages={1371--1385},
  year={2012},
  organization={SIAM}
}

@inproceedings{chan2013learning,
  title={Learning mixtures of structured distributions over discrete domains},
  author={Chan, Siu-On and Diakonikolas, Ilias and Servedio, Rocco A and Sun, Xiaorui},
  booktitle={Proceedings of the Twenty-Fourth Annual ACM-SIAM Symposium on Discrete Algorithms},
  pages={1380--1394},
  year={2013},
  organization={SIAM}
}
